@article{checkdigitalcontent,
  title="Checking Your Digital Content:How, What and When to Check Fixity?",
  author="NDSA Infrastructure and Standards Working Groups",
  url="https://blogs.loc.gov/thesignal/files/2014/02/NDSA-Checking-your-digital-content-Draft-2-5-14.pdf",
}

@article{tipologiasDNP,
	title="Tipolog√≠as Departamentales y Municipales: una propuesta para comprender las entidades territoriales colombianas",
	author="DNP",
	url="https://colaboracion.dnp.gov.co/CDT/Estudios%20Econmicos/2015may28%20Tipologias.pdf"
}
